@preamble{ "\providecommand{\noopsort}[1]{} " }

@MISC{Xi:19da,
    AUTHOR = {{\noopsort{AAA Yan yan}}闫妍, 杨丽娜},
    TITLE = {习近平在中国共产党第十九次全国代表大会上的报告},
    HOWPUBLISHED = {\url{http://cpc.people.com.cn/n1/2017/1028/c64094-29613660.html}},
    NOTE = {引用时间 2019/6/3},
}

@MISC{Cheng:Revolution,
    AUTHOR = {{\noopsort{AAA Cheng Lan}}成岚},
    TITLE = {人民日报社论：深化供给侧结构性改革要在巩固增强提升畅通上下功夫},
    HOWPUBLISHED = {\url{http://www.xinhuanet.com/fortune/2018-12/21/c_1210021942.htm}},
    NOTE = {引用时间 2019/6/3},
}

@ARTICLE{Nature:2018,
    AUTHOR          =   {Stephen A. Montzka and Geoff S. Dutton and Pengfei Yu and Eric Ray and Robert W. Portmann and John S. Daniel and Lambert Kuijpers and Brad D. Hall and Debra Mondeel and Carolina Siso and J. David Nance and Matt Rigby and Alistair J. Manning and Lei Hu and Fred Moore and Ben R. Miller and James W. Elkins},
    TITLE           =   {An unexpected and persistent increase in global emissions of ozone-depleting CFC-11},
    JOURNAL         =   {Nature},
    YEAR            =   2018,
    VOLUME          =   557,
    PAGES           =   {413-417},
}

@ARTICLE{Nature:2019,
    AUTHOR          =   {M. Rigby and S. Park and T. Saito and L. M. Western and A. L. Redington and X. Fang and S. Henne and A. J. Manning and R. G. Prinn and G. S. Dutton and P. J. Fraser and A. L. Ganesan and B. D. Hall and C. M. Harth and J. Kim and K.-R. Kim and P. B. Krummel and T. Lee and S. Li and Q. Liang and M. F. Lunt and S. A. Montzka and J. Mühle and S. O’Doherty and M.-K. Park and S. Reimann and P. K. Salameh and P. Simmonds and R. L. Tunnicliffe and R. F. Weiss and Y. Yokouchi and D. Young },
    TITLE           =   {Increase in CFC-11 emissions from eastern China based on atmospheric observations},
    JOURNAL         =   {Nature},
    YEAR            =   2019,
    VOLUME          =   569,
    PAGES           =   {546-550},
}

@MISC{Xi:Revolution,
    AUTHOR = {{\noopsort{AAA Jiang Chen}}姜晨},
    TITLE = {习近平主持召开中央全面深化改革委员会第七次会议},
    HOWPUBLISHED = {\url{http://www.gov.cn/xinwen/2019-03/19/content_5375140.htm}},
    NOTE = {引用时间 2019/6/3},
}

@MISC{Xi:Teenagers,
    AUTHOR = {{\noopsort{AAA Cheng Lan}}成岚},
    TITLE = {习近平：在纪念五四运动100周年大会上的讲话},
    HOWPUBLISHED = {\url{http://www.xinhuanet.com/politics/leaders/2019-04/30/c_1124440193.htm}},
    NOTE = {引用时间 2019/6/3},
}
