@BOOK{J.Liang-2014,
    AUTHOR          =   {梁进},
    TITLE           =   {数学建模讲义},
    PUBLISHER       =   {上海科学技术出版社},
    YEAR            =   2014,
    MONTH           =   {1月},
    }

@MISC{HrefManual-Jan_2017,
    AUTHOR          =   {Sebastian Rahtz{,} Heiko Oberdiek},
    TITLE           =   {Hypertext marks in {\LaTeX}: a manual for \textsf{hyperref}},
    HOWPUBLISHED    =   {\url{http://mirrors.ctan.org/macros/latex/contrib/hyperref/doc/manual.pdf}},
    MONTH           =   {January},
    YEAR            =   2017,
    NOTE            =   {引用时间 2018/3/21},
    }
