@preamble{ "\providecommand{\noopsort}[1]{} " }

@MISC{Tan,
    AUTHOR = {{\noopsort{AAA Tan Guofu}}谭国富},
    TITLE = {拍卖理论},
    HOWPUBLISHED = {\url{http://www-bcf.usc.edu/~guofutan/research/IE_Caida_Tan_3.pdf}},
    NOTE = {引用时间 2019/4/30},
}

@ARTICLE{Tian,
    AUTHOR = {{\noopsort{AAA Tian Guoqiang}}田国强},
    TITLE = {经济机制理论: 信息, 效率与激励机制设计},
    JOURNAL = {经济学(季刊)},
    YEAR = {2003},
    VOLUME = {第2卷第2期(总第6期)},
    PAGES = {271-308},
}

@MISC{Singh,
    AUTHOR = {Ajit P. Singh and Geoffrey J. Gordon},
    TITLE = {Relational Learning via Collective Matrix Factorization},
    HOWPUBLISHED = {\url{http://www.cs.cmu.edu/~ggordon/singh-gordon-kdd-factorization.pdf}},
    NOTE = {引用时间 2019/5/1},
}
