@MISC{Baidu_EightQueens,
    AUTHOR          =   {佚名},
    TITLE           =   {八皇后问题\_百度百科},
    HOWPUBLISHED    =   {\url{https://baike.baidu.com/item/
                            \%E5\%85\%AB\%E7\%9A\%87\%E5\%90\%8E\%E9\%97\%AE\%E9\%A2\%98}},
    NOTE            =   {引用时间: 2018/3/30},
    }
    
@MISC{Baidu_Sudoku,
    AUTHOR          =   {佚名},
    TITLE           =   {数独(逻辑游戏)\_百度百科},
    HOWPUBLISHED    =   {\url{https://baike.baidu.com/item/\%E6\%95\%B0\%E7\%8B\%AC/74847}},
    NOTE            =   {引用时间: 2018/3/31},
    }
    
@MISC{Baidu_Kakuro,
    AUTHOR          =   {佚名},
    TITLE           =   {Kakuro\_百度百科},
    HOWPUBLISHED    =   {\url{https://baike.baidu.com/item/Kakuro}},
    NOTE            =   {引用时间: 2018/3/31},
    }

@MISC{kakuros.com,
    AUTHOR          =   {Dascalu Vald},
    TITLE           =   {Kakuro Online},
    HOWPUBLISHED    =   {\url{www.kakuros.com/?s5x5}},
    NOTE            =   {引用时间: 2018/3/30(因网站不提供数独随机因子, 无法给出所引数独的具体链接)},
    }

@MISC{kkrOL,
    AUTHOR          =   {佚名},
    TITLE           =   {Kakuro Generator},
    HOWPUBLISHED    =   {\url{https://www.kakuro-online.com/generator}},
    NOTE            =   {引用时间: 2018/3/31},
    }
    
@MISC{Paramesis_Answer,
    AUTHOR          =   {paramesis},
    TITLE           =   {logical deduction - Creating a Kakuro puzzle with unique solution - 
                            Puzzling Stack Exchange},
    HOWPUBLISHED    =   {\url{https://puzzling.stackexchange.com/questions/49927/
                            creating-a-kakuro-puzzle-with-unique-solution}},
    NOTE            =   {引用时间: 2018/3/31},
    }
