@preamble{ "\providecommand{\noopsort}[1]{} " }

@MISC{Huochepiao,
    AUTHOR          =   {{\noopsort{AAA Cao Chengrong}}曹承荣},
    TITLE           =   {火车票网-火车站站搜索},
    HOWPUBLISHED    =   {\url{http://www.huochepiao.com/}},
    NOTE            =   {引用时间 2018/4/30},
    }

@MISC{Baidu_Map,
    AUTHOR          =   {{\noopsort{AAA Li Yanhong}}李彦宏},
    TITLE           =   {百度地图},
    HOWPUBLISHED    =   {\url{https://map.baidu.com/}},
    NOTE            =   {引用时间 2018/5/1},
    }

@ARTICLE{R.Bellman_2002,
    AUTHOR          =   {Stuart Dreyfus},
    TITLE           =   {Richard Bellman on the Birth of Dynamic Programming},
    JOURNAL         =   {Operations Research},
    YEAR            =   2002,
    VOLUME          =   50,
    NUMBER          =   1,
    PAGES           =   {48-51},
    }

@MASTERSTHESIS{H.W.Zhang_2008,
    AUTHOR          =   {{\noopsort{AAA Zhang Hongwei}}张宏伟},
    TITLE           =   {数学建模中的动态规划问题[D]},
    SCHOOL          =   {东北师范大学},
    YEAR            =   2008,
    }

@ARTICLE{J.E.Hirsch_2005,
    AUTHOR          = {{Hirsch}, J.~E.},
    TITLE           = {An index to quantify an individual's scientific research output},
    JOURNAL         = {Proceedings of the National Academy of Science},
    EPRINT          = {physics/0508025},
    YEAR            = 2005,
    MONTH           = NOV,
    VOLUME          = 102,
    PAGES           = {16569-16572},
    DOI             = {10.1073/pnas.0507655102},
    }

@MISC{wiki_h-index,
    TITLE           =   {h-index - Wikipedia},
    HOWPUBLISHED    =   {\url{https://en.wikipedia.org/wiki/H-index/}},
    NOTE            =   {引用时间 2018/5/2},
    }

@ARTICLE{Peterson_2005,
    AUTHOR          =   {Peterson and Ivars},
    TITLE           =   {Rating Researchers},
    JOURNAL         =   {Science News},
    YEAR            =   2005,
    MONTH           =   DEC,
    DATE            =   2,
    }
