@book{zhong2013fu,
  title={复变函数论\ 第四版},
  author={钟玉泉},
  isbn={978-7-04-037364-6},
  date={2013-08},
  location={北京},
  publisher={高等教育出版社}
}

@book{ciarlet2013linear,
  title={Linear and Nonlinear Functional Analysis with Applications},
  author={Ciarlet, P.G.},
  isbn={9781611972580},
  lccn={2013018736},
  series={Other Titles in Applied Mathematics},
  url={https://books.google.com/books?id=AUlWAQAAQBAJ},
  year={2013},
  publisher={Society for Industrial {and} Applied Mathematics}
}

@online{wikipedia2020maxwell,
  title={Maxwell's equations},
  date={2020-07-30},
  url={https://en.wikipedia.org/wiki/Maxwell%27s_equations},
  urldate={2020-08-07},
}

@book{liang1995lixuexia,
  title={力学\ 下\ 理论力学},
  author={梁昆淼},
  isbn={7-04-005173-7},
  series={高等学校教材},
  date={1995-05},
  location={北京},
  url={https://book.duxiu.com/bookDetail.jsp?dxNumber=000000510000&d=595EB62D04A66D768E7CD42F615F42BB&fenlei=1302},
  publisher={高等教育出版社}
}
